<?xml version="1.0" encoding="UTF-8"?><BkToCstmrAcctRpt><GrpHdr><MsgId>9169623620</MsgId><CreDtTm>2018-09-19T19:56:14.729</CreDtTm><MsgPgntn><PgNb>1</PgNb><LastPgInd>true</LastPgInd></MsgPgntn></GrpHdr><Rpt><Id>9169623620</Id><CreDtTm>2018-09-19T19:56:14.729</CreDtTm><FrToDt><FrDtTm>2018-09-01T00:00:00.000</FrDtTm><ToDtTm>2018-09-19T19:56:14.729</ToDtTm></FrToDt><RptgSrc><Prtry>GWB/MWMONEY</Prtry></RptgSrc><Acct><Id><Othr><Id>1177347051018335</Id></Othr></Id><Ownr><Nm>ASBÓTH ÁRPÁD KÁROLY LAJU</Nm></Ownr><Svcr><FinInstnId><Nm>OTP Bank Nyrt.</Nm><PstlAdr><Ctry>HU</Ctry></PstlAdr></FinInstnId></Svcr></Acct><Bal><Tp><CdOrPrtry><Cd>OPBD</Cd></CdOrPrtry></Tp><Amt Ccy="HUF">959950</Amt><CdtDbtInd>CRDT</CdtDbtInd><Dt><Dt>2018-09-01</Dt></Dt></Bal><Bal><Tp><CdOrPrtry><Cd>ITBD</Cd></CdOrPrtry></Tp><Amt Ccy="HUF">680566</Amt><CdtDbtInd>CRDT</CdtDbtInd><Dt><Dt>2018-09-19</Dt></Dt></Bal><TxsSummry><TtlCdtNtries><NbOfNtries>0</NbOfNtries><Sum>0</Sum></TtlCdtNtries><TtlDbtNtries><NbOfNtries>34</NbOfNtries><Sum>279384</Sum></TtlDbtNtries></TxsSummry><Ntry id="1"><NtryRef>1</NtryRef><Amt Ccy="HUF">552</Amt><CdtDbtInd>DBIT</CdtDbtInd><Sts>BOOK</Sts><BookgDt><Dt>2018-09-01</Dt></BookgDt><ValDt><Dt>2018-09-01</Dt></ValDt><BkTxCd/><NtryDtls><TxDtls><Refs><EndToEndId/><Prtry><Tp>POSTNO</Tp><Ref>3806/01</Ref></Prtry></Refs><RltdPties><Dbtr><Nm>ASBÓTH ÁRPÁD KÁROLY LAJU</Nm></Dbtr><DbtrAcct><Id><Othr><Id>1177347051018335</Id></Othr></Id></DbtrAcct></RltdPties><RmtInf><Ustrd/></RmtInf><AddtlTxInf>&lt;ujegy&gt;959398&lt;/ujegy&gt;&lt;konyves&gt;CH&lt;/konyves&gt;&lt;trnk&gt;CAAC&lt;/trnk&gt;&lt;narr&gt;IDŐSZAKOS KÖLTSÉGEK&lt;/narr&gt;</AddtlTxInf></TxDtls></NtryDtls></Ntry><Ntry id="2"><NtryRef>2</NtryRef><Amt Ccy="HUF">170</Amt><CdtDbtInd>DBIT</CdtDbtInd><Sts>BOOK</Sts><BookgDt><Dt>2018-09-01</Dt></BookgDt><ValDt><Dt>2018-09-01</Dt></ValDt><BkTxCd/><NtryDtls><TxDtls><Refs><EndToEndId/><Prtry><Tp>POSTNO</Tp><Ref>3806/02</Ref></Prtry></Refs><RltdPties><Dbtr><Nm>ASBÓTH ÁRPÁD KÁROLY LAJU</Nm></Dbtr><DbtrAcct><Id><Othr><Id>1177347051018335</Id></Othr></Id></DbtrAcct></RltdPties><RmtInf><Ustrd/></RmtInf><AddtlTxInf>&lt;ujegy&gt;959228&lt;/ujegy&gt;&lt;konyves&gt;MF&lt;/konyves&gt;&lt;trnk&gt;CAAC&lt;/trnk&gt;&lt;narr&gt;HAVI ZÁRLATI DÍJ&lt;/narr&gt;</AddtlTxInf></TxDtls></NtryDtls></Ntry><Ntry id="3"><NtryRef>3</NtryRef><Amt Ccy="HUF">1192</Amt><CdtDbtInd>DBIT</CdtDbtInd><Sts>BOOK</Sts><BookgDt><Dt>2018-09-03</Dt></BookgDt><ValDt><Dt>2018-09-03</Dt></ValDt><BkTxCd/><NtryDtls><TxDtls><Refs><EndToEndId/><Prtry><Tp>POSTNO</Tp><Ref>3807</Ref></Prtry></Refs><RltdPties><Dbtr><Nm>ASBÓTH ÁRPÁD KÁROLY LAJU</Nm></Dbtr><DbtrAcct><Id><Othr><Id>1177347051018335</Id></Othr></Id></DbtrAcct></RltdPties><RmtInf><Ustrd>SPAR PARTNER 6911200       PPASS2018.08.31 1503939086</Ustrd></RmtInf><AddtlTxInf>&lt;ujegy&gt;958036&lt;/ujegy&gt;&lt;konyves&gt;FT&lt;/konyves&gt;&lt;trnk&gt;764&lt;/trnk&gt;&lt;narr&gt;VÁSÁRLÁS KÁRTYÁVAL&lt;/narr&gt;</AddtlTxInf></TxDtls></NtryDtls></Ntry><Ntry id="4"><NtryRef>4</NtryRef><Amt Ccy="HUF">9500</Amt><CdtDbtInd>DBIT</CdtDbtInd><Sts>BOOK</Sts><BookgDt><Dt>2018-09-03</Dt></BookgDt><ValDt><Dt>2018-09-03</Dt></ValDt><BkTxCd/><NtryDtls><TxDtls><Refs><EndToEndId/><Prtry><Tp>POSTNO</Tp><Ref>3808</Ref></Prtry></Refs><RltdPties><Dbtr><Nm>ASBÓTH ÁRPÁD KÁROLY LAJU</Nm></Dbtr><DbtrAcct><Id><Othr><Id>1177347051018335</Id></Othr></Id></DbtrAcct></RltdPties><RmtInf><Ustrd>BKK AUTOMATA - A512018.08.31 1503939086</Ustrd></RmtInf><AddtlTxInf>&lt;ujegy&gt;948536&lt;/ujegy&gt;&lt;konyves&gt;FT&lt;/konyves&gt;&lt;trnk&gt;764&lt;/trnk&gt;&lt;narr&gt;VÁSÁRLÁS KÁRTYÁVAL&lt;/narr&gt;</AddtlTxInf></TxDtls></NtryDtls></Ntry><Ntry id="5"><NtryRef>5</NtryRef><Amt Ccy="HUF">1880</Amt><CdtDbtInd>DBIT</CdtDbtInd><Sts>BOOK</Sts><BookgDt><Dt>2018-09-03</Dt></BookgDt><ValDt><Dt>2018-09-03</Dt></ValDt><BkTxCd/><NtryDtls><TxDtls><Refs><EndToEndId/><Prtry><Tp>POSTNO</Tp><Ref>3809</Ref></Prtry></Refs><RltdPties><Dbtr><Nm>ASBÓTH ÁRPÁD KÁROLY LAJU</Nm></Dbtr><DbtrAcct><Id><Othr><Id>1177347051018335</Id></Othr></Id></DbtrAcct></RltdPties><RmtInf><Ustrd>OTPMOBL*NETPINCER.HU2018.09.01 1503939086</Ustrd></RmtInf><AddtlTxInf>&lt;ujegy&gt;946656&lt;/ujegy&gt;&lt;konyves&gt;FT&lt;/konyves&gt;&lt;trnk&gt;764&lt;/trnk&gt;&lt;narr&gt;VÁSÁRLÁS KÁRTYÁVAL&lt;/narr&gt;</AddtlTxInf></TxDtls></NtryDtls></Ntry><Ntry id="6"><NtryRef>6</NtryRef><Amt Ccy="HUF">1686</Amt><CdtDbtInd>DBIT</CdtDbtInd><Sts>BOOK</Sts><BookgDt><Dt>2018-09-03</Dt></BookgDt><ValDt><Dt>2018-09-03</Dt></ValDt><BkTxCd/><NtryDtls><TxDtls><Refs><EndToEndId/><Prtry><Tp>POSTNO</Tp><Ref>3810</Ref></Prtry></Refs><RltdPties><Dbtr><Nm>ASBÓTH ÁRPÁD KÁROLY LAJU</Nm></Dbtr><DbtrAcct><Id><Othr><Id>1177347051018335</Id></Othr></Id></DbtrAcct></RltdPties><RmtInf><Ustrd>TESCO 440332018.09.01 1503939086</Ustrd></RmtInf><AddtlTxInf>&lt;ujegy&gt;944970&lt;/ujegy&gt;&lt;konyves&gt;FT&lt;/konyves&gt;&lt;trnk&gt;764&lt;/trnk&gt;&lt;narr&gt;VÁSÁRLÁS KÁRTYÁVAL&lt;/narr&gt;</AddtlTxInf></TxDtls></NtryDtls></Ntry><Ntry id="7"><NtryRef>7</NtryRef><Amt Ccy="HUF">7650</Amt><CdtDbtInd>DBIT</CdtDbtInd><Sts>BOOK</Sts><BookgDt><Dt>2018-09-03</Dt></BookgDt><ValDt><Dt>2018-09-03</Dt></ValDt><AcctSvcrRef>11773470201809039406894</AcctSvcrRef><BkTxCd/><NtryDtls><TxDtls><Refs><EndToEndId>20180903</EndToEndId><Prtry><Tp>POSTNO</Tp><Ref>3811</Ref></Prtry></Refs><RltdPties><Dbtr><Nm>ASBÓTH ÁRPÁD KÁROLY LAJU</Nm></Dbtr><DbtrAcct><Id><Othr><Id>1177347051018335</Id></Othr></Id></DbtrAcct><Cdtr><Nm>Diákhitel Központ Zrt.</Nm></Cdtr><CdtrAcct><Id><Othr><Id>1003200001800126</Id></Othr></Id></CdtrAcct></RltdPties><RltdAgts><DbtrAgt><FinInstnId><BIC>OTPVHUHB</BIC></FinInstnId></DbtrAgt></RltdAgts><RmtInf><Ustrd>40193864</Ustrd></RmtInf><RltdDts><IntrBkSttlmDt>2018-09-03</IntrBkSttlmDt></RltdDts><AddtlTxInf>&lt;ujegy&gt;937320&lt;/ujegy&gt;&lt;konyves&gt;MAN&lt;/konyves&gt;&lt;trnk&gt;CBDO&lt;/trnk&gt;&lt;narr&gt;NAPKÖZBENI ÁTUTALÁS&lt;/narr&gt;</AddtlTxInf></TxDtls></NtryDtls></Ntry><Ntry id="8"><NtryRef>8</NtryRef><Amt Ccy="HUF">6375</Amt><CdtDbtInd>DBIT</CdtDbtInd><Sts>BOOK</Sts><BookgDt><Dt>2018-09-03</Dt></BookgDt><ValDt><Dt>2018-09-03</Dt></ValDt><AcctSvcrRef>11773470201809039406895</AcctSvcrRef><BkTxCd/><NtryDtls><TxDtls><Refs><EndToEndId>20180903</EndToEndId><Prtry><Tp>POSTNO</Tp><Ref>3812</Ref></Prtry></Refs><RltdPties><Dbtr><Nm>ASBÓTH ÁRPÁD KÁROLY LAJU</Nm></Dbtr><DbtrAcct><Id><Othr><Id>1177347051018335</Id></Othr></Id></DbtrAcct><Cdtr><Nm>Diákhitel Központ Zrt.</Nm></Cdtr><CdtrAcct><Id><Othr><Id>1003200001800157</Id></Othr></Id></CdtrAcct></RltdPties><RltdAgts><DbtrAgt><FinInstnId><BIC>OTPVHUHB</BIC></FinInstnId></DbtrAgt></RltdAgts><RmtInf><Ustrd>70257225</Ustrd></RmtInf><RltdDts><IntrBkSttlmDt>2018-09-03</IntrBkSttlmDt></RltdDts><AddtlTxInf>&lt;ujegy&gt;930945&lt;/ujegy&gt;&lt;konyves&gt;MAN&lt;/konyves&gt;&lt;trnk&gt;CBDO&lt;/trnk&gt;&lt;narr&gt;NAPKÖZBENI ÁTUTALÁS&lt;/narr&gt;</AddtlTxInf></TxDtls></NtryDtls></Ntry><Ntry id="9"><NtryRef>9</NtryRef><Amt Ccy="HUF">15000</Amt><CdtDbtInd>DBIT</CdtDbtInd><Sts>BOOK</Sts><BookgDt><Dt>2018-09-03</Dt></BookgDt><ValDt><Dt>2018-09-03</Dt></ValDt><AcctSvcrRef>11773470201809039406896</AcctSvcrRef><BkTxCd/><NtryDtls><TxDtls><Refs><EndToEndId>20180903</EndToEndId><Prtry><Tp>POSTNO</Tp><Ref>3813</Ref></Prtry></Refs><RltdPties><Dbtr><Nm>ASBÓTH ÁRPÁD KÁROLY LAJU</Nm></Dbtr><DbtrAcct><Id><Othr><Id>1177347051018335</Id></Othr></Id></DbtrAcct><Cdtr><Nm>Kemecseiné Nagy Terézia</Nm></Cdtr><CdtrAcct><Id><Othr><Id>182036790149084910010012</Id></Othr></Id></CdtrAcct></RltdPties><RltdAgts><DbtrAgt><FinInstnId><BIC>OTPVHUHB</BIC></FinInstnId></DbtrAgt></RltdAgts><RmtInf><Ustrd>ÁRPITÓL</Ustrd></RmtInf><RltdDts><IntrBkSttlmDt>2018-09-03</IntrBkSttlmDt></RltdDts><AddtlTxInf>&lt;ujegy&gt;915945&lt;/ujegy&gt;&lt;konyves&gt;MAN&lt;/konyves&gt;&lt;trnk&gt;CBDO&lt;/trnk&gt;&lt;narr&gt;NAPKÖZBENI ÁTUTALÁS&lt;/narr&gt;</AddtlTxInf></TxDtls></NtryDtls></Ntry><Ntry id="10"><NtryRef>10</NtryRef><Amt Ccy="HUF">531</Amt><CdtDbtInd>DBIT</CdtDbtInd><Sts>BOOK</Sts><BookgDt><Dt>2018-09-03</Dt></BookgDt><ValDt><Dt>2018-09-03</Dt></ValDt><BkTxCd/><NtryDtls><TxDtls><Refs><EndToEndId/><Prtry><Tp>POSTNO</Tp><Ref>3814</Ref></Prtry></Refs><RltdPties><Dbtr><Nm>ASBÓTH ÁRPÁD KÁROLY LAJU</Nm></Dbtr><DbtrAcct><Id><Othr><Id>1177347051018335</Id></Othr></Id></DbtrAcct></RltdPties><RmtInf><Ustrd>SPAR 5440                  PPASS2018.09.02 1503939086</Ustrd></RmtInf><AddtlTxInf>&lt;ujegy&gt;915414&lt;/ujegy&gt;&lt;konyves&gt;FT&lt;/konyves&gt;&lt;trnk&gt;764&lt;/trnk&gt;&lt;narr&gt;VÁSÁRLÁS KÁRTYÁVAL&lt;/narr&gt;</AddtlTxInf></TxDtls></NtryDtls></Ntry><Ntry id="11"><NtryRef>11</NtryRef><Amt Ccy="HUF">1120</Amt><CdtDbtInd>DBIT</CdtDbtInd><Sts>BOOK</Sts><BookgDt><Dt>2018-09-03</Dt></BookgDt><ValDt><Dt>2018-09-03</Dt></ValDt><BkTxCd/><NtryDtls><TxDtls><Refs><EndToEndId/><Prtry><Tp>POSTNO</Tp><Ref>3815</Ref></Prtry></Refs><RltdPties><Dbtr><Nm>ASBÓTH ÁRPÁD KÁROLY LAJU</Nm></Dbtr><DbtrAcct><Id><Othr><Id>1177347051018335</Id></Othr></Id></DbtrAcct></RltdPties><RmtInf><Ustrd>MCD OKTOGON                PPASS2018.09.02 1503939086</Ustrd></RmtInf><AddtlTxInf>&lt;ujegy&gt;914294&lt;/ujegy&gt;&lt;konyves&gt;FT&lt;/konyves&gt;&lt;trnk&gt;764&lt;/trnk&gt;&lt;narr&gt;VÁSÁRLÁS KÁRTYÁVAL&lt;/narr&gt;</AddtlTxInf></TxDtls></NtryDtls></Ntry><Ntry id="12"><NtryRef>12</NtryRef><Amt Ccy="HUF">3000</Amt><CdtDbtInd>DBIT</CdtDbtInd><Sts>BOOK</Sts><BookgDt><Dt>2018-09-03</Dt></BookgDt><ValDt><Dt>2018-09-03</Dt></ValDt><BkTxCd/><NtryDtls><TxDtls><Refs><EndToEndId/><Prtry><Tp>POSTNO</Tp><Ref>3816</Ref></Prtry></Refs><RltdPties><Dbtr><Nm>ASBÓTH ÁRPÁD KÁROLY LAJU</Nm></Dbtr><DbtrAcct><Id><Othr><Id>1177347051018335</Id></Othr></Id></DbtrAcct></RltdPties><RmtInf><Ustrd>TERROR HÁZA-PÉNZTÁR        PPASS2018.09.02 1503939086</Ustrd></RmtInf><AddtlTxInf>&lt;ujegy&gt;911294&lt;/ujegy&gt;&lt;konyves&gt;FT&lt;/konyves&gt;&lt;trnk&gt;764&lt;/trnk&gt;&lt;narr&gt;VÁSÁRLÁS KÁRTYÁVAL&lt;/narr&gt;</AddtlTxInf></TxDtls></NtryDtls></Ntry><Ntry id="13"><NtryRef>13</NtryRef><Amt Ccy="HUF">10000</Amt><CdtDbtInd>DBIT</CdtDbtInd><Sts>BOOK</Sts><BookgDt><Dt>2018-09-04</Dt></BookgDt><ValDt><Dt>2018-09-04</Dt></ValDt><BkTxCd/><NtryDtls><TxDtls><Refs><EndToEndId/><Prtry><Tp>POSTNO</Tp><Ref>3817</Ref></Prtry></Refs><RltdPties><Dbtr><Nm>ASBÓTH ÁRPÁD KÁROLY LAJU</Nm></Dbtr><DbtrAcct><Id><Othr><Id>1177347051018335</Id></Othr></Id></DbtrAcct></RltdPties><RmtInf><Ustrd>Bosch Útterem              PPASS2018.09.03 1503939086</Ustrd></RmtInf><AddtlTxInf>&lt;ujegy&gt;901294&lt;/ujegy&gt;&lt;konyves&gt;FT&lt;/konyves&gt;&lt;trnk&gt;764&lt;/trnk&gt;&lt;narr&gt;VÁSÁRLÁS KÁRTYÁVAL&lt;/narr&gt;</AddtlTxInf></TxDtls></NtryDtls></Ntry><Ntry id="14"><NtryRef>14</NtryRef><Amt Ccy="HUF">2620</Amt><CdtDbtInd>DBIT</CdtDbtInd><Sts>BOOK</Sts><BookgDt><Dt>2018-09-04</Dt></BookgDt><ValDt><Dt>2018-09-04</Dt></ValDt><BkTxCd/><NtryDtls><TxDtls><Refs><EndToEndId/><Prtry><Tp>POSTNO</Tp><Ref>3818</Ref></Prtry></Refs><RltdPties><Dbtr><Nm>ASBÓTH ÁRPÁD KÁROLY LAJU</Nm></Dbtr><DbtrAcct><Id><Othr><Id>1177347051018335</Id></Othr></Id></DbtrAcct></RltdPties><RmtInf><Ustrd>SPAR PARTNER 6911200       PPASS2018.09.03 1503939086</Ustrd></RmtInf><AddtlTxInf>&lt;ujegy&gt;898674&lt;/ujegy&gt;&lt;konyves&gt;FT&lt;/konyves&gt;&lt;trnk&gt;764&lt;/trnk&gt;&lt;narr&gt;VÁSÁRLÁS KÁRTYÁVAL&lt;/narr&gt;</AddtlTxInf></TxDtls></NtryDtls></Ntry><Ntry id="15"><NtryRef>15</NtryRef><Amt Ccy="HUF">1690</Amt><CdtDbtInd>DBIT</CdtDbtInd><Sts>BOOK</Sts><BookgDt><Dt>2018-09-06</Dt></BookgDt><ValDt><Dt>2018-09-06</Dt></ValDt><BkTxCd/><NtryDtls><TxDtls><Refs><EndToEndId/><Prtry><Tp>POSTNO</Tp><Ref>3819</Ref></Prtry></Refs><RltdPties><Dbtr><Nm>ASBÓTH ÁRPÁD KÁROLY LAJU</Nm></Dbtr><DbtrAcct><Id><Othr><Id>1177347051018335</Id></Othr></Id></DbtrAcct></RltdPties><RmtInf><Ustrd>OTPMOBL*NETPINCER.HU2018.09.05 1503939086</Ustrd></RmtInf><AddtlTxInf>&lt;ujegy&gt;896984&lt;/ujegy&gt;&lt;konyves&gt;FT&lt;/konyves&gt;&lt;trnk&gt;764&lt;/trnk&gt;&lt;narr&gt;VÁSÁRLÁS KÁRTYÁVAL&lt;/narr&gt;</AddtlTxInf></TxDtls></NtryDtls></Ntry><Ntry id="16"><NtryRef>16</NtryRef><Amt Ccy="HUF">9640</Amt><CdtDbtInd>DBIT</CdtDbtInd><Sts>BOOK</Sts><BookgDt><Dt>2018-09-07</Dt></BookgDt><ValDt><Dt>2018-09-07</Dt></ValDt><BkTxCd/><NtryDtls><TxDtls><Refs><EndToEndId/><Prtry><Tp>POSTNO</Tp><Ref>3820</Ref></Prtry></Refs><RltdPties><Dbtr><Nm>ASBÓTH ÁRPÁD KÁROLY LAJU</Nm></Dbtr><DbtrAcct><Id><Othr><Id>1177347051018335</Id></Othr></Id></DbtrAcct></RltdPties><RmtInf><Ustrd>AUCHAN ALBERTFALVA2018.09.06 1503939086</Ustrd></RmtInf><AddtlTxInf>&lt;ujegy&gt;887344&lt;/ujegy&gt;&lt;konyves&gt;FT&lt;/konyves&gt;&lt;trnk&gt;764&lt;/trnk&gt;&lt;narr&gt;VÁSÁRLÁS KÁRTYÁVAL&lt;/narr&gt;</AddtlTxInf></TxDtls></NtryDtls></Ntry><Ntry id="17"><NtryRef>17</NtryRef><Amt Ccy="HUF">1456</Amt><CdtDbtInd>DBIT</CdtDbtInd><Sts>BOOK</Sts><BookgDt><Dt>2018-09-10</Dt></BookgDt><ValDt><Dt>2018-09-10</Dt></ValDt><BkTxCd/><NtryDtls><TxDtls><Refs><EndToEndId/><Prtry><Tp>POSTNO</Tp><Ref>3821</Ref></Prtry></Refs><RltdPties><Dbtr><Nm>ASBÓTH ÁRPÁD KÁROLY LAJU</Nm></Dbtr><DbtrAcct><Id><Othr><Id>1177347051018335</Id></Othr></Id></DbtrAcct></RltdPties><RmtInf><Ustrd>(56 DB SMS)2018.09.01</Ustrd></RmtInf><AddtlTxInf>&lt;ujegy&gt;885888&lt;/ujegy&gt;&lt;konyves&gt;FT&lt;/konyves&gt;&lt;trnk&gt;783&lt;/trnk&gt;&lt;narr&gt;OTPdirekt  ÜZENETDÍJ&lt;/narr&gt;</AddtlTxInf></TxDtls></NtryDtls></Ntry><Ntry id="18"><NtryRef>18</NtryRef><Amt Ccy="HUF">6544</Amt><CdtDbtInd>DBIT</CdtDbtInd><Sts>BOOK</Sts><BookgDt><Dt>2018-09-10</Dt></BookgDt><ValDt><Dt>2018-09-10</Dt></ValDt><BkTxCd/><NtryDtls><TxDtls><Refs><EndToEndId/><Prtry><Tp>POSTNO</Tp><Ref>3822</Ref></Prtry></Refs><RltdPties><Dbtr><Nm>ASBÓTH ÁRPÁD KÁROLY LAJU</Nm></Dbtr><DbtrAcct><Id><Othr><Id>1177347051018335</Id></Othr></Id></DbtrAcct></RltdPties><RmtInf><Ustrd>SPAR 5440                  PPASS2018.09.08 1503939086</Ustrd></RmtInf><AddtlTxInf>&lt;ujegy&gt;879344&lt;/ujegy&gt;&lt;konyves&gt;FT&lt;/konyves&gt;&lt;trnk&gt;764&lt;/trnk&gt;&lt;narr&gt;VÁSÁRLÁS KÁRTYÁVAL&lt;/narr&gt;</AddtlTxInf></TxDtls></NtryDtls></Ntry><Ntry id="19"><NtryRef>19</NtryRef><Amt Ccy="HUF">1449</Amt><CdtDbtInd>DBIT</CdtDbtInd><Sts>BOOK</Sts><BookgDt><Dt>2018-09-10</Dt></BookgDt><ValDt><Dt>2018-09-10</Dt></ValDt><BkTxCd/><NtryDtls><TxDtls><Refs><EndToEndId/><Prtry><Tp>POSTNO</Tp><Ref>3823</Ref></Prtry></Refs><RltdPties><Dbtr><Nm>ASBÓTH ÁRPÁD KÁROLY LAJU</Nm></Dbtr><DbtrAcct><Id><Othr><Id>1177347051018335</Id></Othr></Id></DbtrAcct></RltdPties><RmtInf><Ustrd>MEDIA MARKT BUDA           PPASS2018.09.09 1503939086</Ustrd></RmtInf><AddtlTxInf>&lt;ujegy&gt;877895&lt;/ujegy&gt;&lt;konyves&gt;FT&lt;/konyves&gt;&lt;trnk&gt;764&lt;/trnk&gt;&lt;narr&gt;VÁSÁRLÁS KÁRTYÁVAL&lt;/narr&gt;</AddtlTxInf></TxDtls></NtryDtls></Ntry><Ntry id="20"><NtryRef>20</NtryRef><Amt Ccy="HUF">3120</Amt><CdtDbtInd>DBIT</CdtDbtInd><Sts>BOOK</Sts><BookgDt><Dt>2018-09-10</Dt></BookgDt><ValDt><Dt>2018-09-10</Dt></ValDt><BkTxCd/><NtryDtls><TxDtls><Refs><EndToEndId/><Prtry><Tp>POSTNO</Tp><Ref>3824</Ref></Prtry></Refs><RltdPties><Dbtr><Nm>ASBÓTH ÁRPÁD KÁROLY LAJU</Nm></Dbtr><DbtrAcct><Id><Othr><Id>1177347051018335</Id></Othr></Id></DbtrAcct></RltdPties><RmtInf><Ustrd>SPAR PARTNER 6911200       PPASS2018.09.09 1503939086</Ustrd></RmtInf><AddtlTxInf>&lt;ujegy&gt;874775&lt;/ujegy&gt;&lt;konyves&gt;FT&lt;/konyves&gt;&lt;trnk&gt;764&lt;/trnk&gt;&lt;narr&gt;VÁSÁRLÁS KÁRTYÁVAL&lt;/narr&gt;</AddtlTxInf></TxDtls></NtryDtls></Ntry><Ntry id="21"><NtryRef>21</NtryRef><Amt Ccy="HUF">2754</Amt><CdtDbtInd>DBIT</CdtDbtInd><Sts>BOOK</Sts><BookgDt><Dt>2018-09-11</Dt></BookgDt><ValDt><Dt>2018-09-11</Dt></ValDt><BkTxCd/><NtryDtls><TxDtls><Refs><EndToEndId/><Prtry><Tp>POSTNO</Tp><Ref>3825</Ref></Prtry></Refs><RltdPties><Dbtr><Nm>ASBÓTH ÁRPÁD KÁROLY LAJU</Nm></Dbtr><DbtrAcct><Id><Othr><Id>1177347051018335</Id></Othr></Id></DbtrAcct></RltdPties><RmtInf><Ustrd>SPAR PARTNER 6911200       PPASS2018.09.10 1503939086</Ustrd></RmtInf><AddtlTxInf>&lt;ujegy&gt;872021&lt;/ujegy&gt;&lt;konyves&gt;FT&lt;/konyves&gt;&lt;trnk&gt;764&lt;/trnk&gt;&lt;narr&gt;VÁSÁRLÁS KÁRTYÁVAL&lt;/narr&gt;</AddtlTxInf></TxDtls></NtryDtls></Ntry><Ntry id="22"><NtryRef>22</NtryRef><Amt Ccy="HUF">18472</Amt><CdtDbtInd>DBIT</CdtDbtInd><Sts>BOOK</Sts><BookgDt><Dt>2018-09-13</Dt></BookgDt><ValDt><Dt>2018-09-13</Dt></ValDt><BkTxCd/><NtryDtls><TxDtls><Refs><EndToEndId/><Prtry><Tp>POSTNO</Tp><Ref>3826</Ref></Prtry></Refs><RltdPties><Dbtr><Nm>ASBÓTH ÁRPÁD KÁROLY LAJU</Nm></Dbtr><DbtrAcct><Id><Othr><Id>1177347051018335</Id></Othr></Id></DbtrAcct></RltdPties><RmtInf><Ustrd>AIRBNB * HMFM4W35NT56,740EUR    0,2018.09.12 1503939086</Ustrd></RmtInf><AddtlTxInf>&lt;ujegy&gt;853549&lt;/ujegy&gt;&lt;konyves&gt;FT&lt;/konyves&gt;&lt;trnk&gt;764&lt;/trnk&gt;&lt;narr&gt;VÁSÁRLÁS KÁRTYÁVAL&lt;/narr&gt;</AddtlTxInf></TxDtls></NtryDtls></Ntry><Ntry id="23"><NtryRef>23</NtryRef><Amt Ccy="HUF">10000</Amt><CdtDbtInd>DBIT</CdtDbtInd><Sts>BOOK</Sts><BookgDt><Dt>2018-09-13</Dt></BookgDt><ValDt><Dt>2018-09-13</Dt></ValDt><BkTxCd/><NtryDtls><TxDtls><Refs><EndToEndId/><Prtry><Tp>POSTNO</Tp><Ref>3827</Ref></Prtry></Refs><RltdPties><Dbtr><Nm>ASBÓTH ÁRPÁD KÁROLY LAJU</Nm></Dbtr><DbtrAcct><Id><Othr><Id>1177347051018335</Id></Othr></Id></DbtrAcct></RltdPties><RmtInf><Ustrd>Bosch Útterem              PPASS2018.09.12 1503939086</Ustrd></RmtInf><AddtlTxInf>&lt;ujegy&gt;843549&lt;/ujegy&gt;&lt;konyves&gt;FT&lt;/konyves&gt;&lt;trnk&gt;764&lt;/trnk&gt;&lt;narr&gt;VÁSÁRLÁS KÁRTYÁVAL&lt;/narr&gt;</AddtlTxInf></TxDtls></NtryDtls></Ntry><Ntry id="24"><NtryRef>24</NtryRef><Amt Ccy="HUF">12928</Amt><CdtDbtInd>DBIT</CdtDbtInd><Sts>BOOK</Sts><BookgDt><Dt>2018-09-13</Dt></BookgDt><ValDt><Dt>2018-09-13</Dt></ValDt><BkTxCd/><NtryDtls><TxDtls><Refs><EndToEndId/><Prtry><Tp>POSTNO</Tp><Ref>3828</Ref></Prtry></Refs><RltdPties><Dbtr><Nm>ASBÓTH ÁRPÁD KÁROLY LAJU</Nm></Dbtr><DbtrAcct><Id><Othr><Id>1177347051018335</Id></Othr></Id></DbtrAcct></RltdPties><RmtInf><Ustrd>AUCHAN ALBERTFALVA         PPASS2018.09.12 1503939086</Ustrd></RmtInf><AddtlTxInf>&lt;ujegy&gt;830621&lt;/ujegy&gt;&lt;konyves&gt;FT&lt;/konyves&gt;&lt;trnk&gt;764&lt;/trnk&gt;&lt;narr&gt;VÁSÁRLÁS KÁRTYÁVAL&lt;/narr&gt;</AddtlTxInf></TxDtls></NtryDtls></Ntry><Ntry id="25"><NtryRef>25</NtryRef><Amt Ccy="HUF">69000</Amt><CdtDbtInd>DBIT</CdtDbtInd><Sts>BOOK</Sts><BookgDt><Dt>2018-09-13</Dt></BookgDt><ValDt><Dt>2018-09-13</Dt></ValDt><BkTxCd/><NtryDtls><TxDtls><Refs><EndToEndId/><Prtry><Tp>POSTNO</Tp><Ref>3829</Ref></Prtry></Refs><RltdPties><Dbtr><Nm>ASBÓTH ÁRPÁD KÁROLY LAJU</Nm></Dbtr><DbtrAcct><Id><Othr><Id>1177347051018335</Id></Othr></Id></DbtrAcct></RltdPties><RmtInf><Ustrd>Budapest,XI.Fehérvári út2018.09.12 1503939086</Ustrd></RmtInf><AddtlTxInf>&lt;ujegy&gt;761621&lt;/ujegy&gt;&lt;konyves&gt;FT&lt;/konyves&gt;&lt;trnk&gt;760&lt;/trnk&gt;&lt;narr&gt;KÉSZPÉNZFELVÉT ATM-BŐL&lt;/narr&gt;</AddtlTxInf></TxDtls></NtryDtls></Ntry><Ntry id="26"><NtryRef>26</NtryRef><Amt Ccy="HUF">36580</Amt><CdtDbtInd>DBIT</CdtDbtInd><Sts>BOOK</Sts><BookgDt><Dt>2018-09-17</Dt></BookgDt><ValDt><Dt>2018-09-17</Dt></ValDt><BkTxCd/><NtryDtls><TxDtls><Refs><EndToEndId/><Prtry><Tp>POSTNO</Tp><Ref>3830</Ref></Prtry></Refs><RltdPties><Dbtr><Nm>ASBÓTH ÁRPÁD KÁROLY LAJU</Nm></Dbtr><DbtrAcct><Id><Othr><Id>1177347051018335</Id></Othr></Id></DbtrAcct></RltdPties><RmtInf><Ustrd>WIZZ AIRLREI45N2018.09.13 1503939086</Ustrd></RmtInf><AddtlTxInf>&lt;ujegy&gt;725041&lt;/ujegy&gt;&lt;konyves&gt;FT&lt;/konyves&gt;&lt;trnk&gt;764&lt;/trnk&gt;&lt;narr&gt;VÁSÁRLÁS KÁRTYÁVAL&lt;/narr&gt;</AddtlTxInf></TxDtls></NtryDtls></Ntry><Ntry id="27"><NtryRef>27</NtryRef><Amt Ccy="HUF">700</Amt><CdtDbtInd>DBIT</CdtDbtInd><Sts>BOOK</Sts><BookgDt><Dt>2018-09-17</Dt></BookgDt><ValDt><Dt>2018-09-17</Dt></ValDt><BkTxCd/><NtryDtls><TxDtls><Refs><EndToEndId/><Prtry><Tp>POSTNO</Tp><Ref>3831</Ref></Prtry></Refs><RltdPties><Dbtr><Nm>ASBÓTH ÁRPÁD KÁROLY LAJU</Nm></Dbtr><DbtrAcct><Id><Othr><Id>1177347051018335</Id></Othr></Id></DbtrAcct></RltdPties><RmtInf><Ustrd>LACI PAPA KONYHÁJA         PPASS2018.09.15 1503939086</Ustrd></RmtInf><AddtlTxInf>&lt;ujegy&gt;724341&lt;/ujegy&gt;&lt;konyves&gt;FT&lt;/konyves&gt;&lt;trnk&gt;764&lt;/trnk&gt;&lt;narr&gt;VÁSÁRLÁS KÁRTYÁVAL&lt;/narr&gt;</AddtlTxInf></TxDtls></NtryDtls></Ntry><Ntry id="28"><NtryRef>28</NtryRef><Amt Ccy="HUF">13775</Amt><CdtDbtInd>DBIT</CdtDbtInd><Sts>BOOK</Sts><BookgDt><Dt>2018-09-17</Dt></BookgDt><ValDt><Dt>2018-09-17</Dt></ValDt><BkTxCd/><NtryDtls><TxDtls><Refs><EndToEndId/><Prtry><Tp>POSTNO</Tp><Ref>3832</Ref></Prtry></Refs><RltdPties><Dbtr><Nm>ASBÓTH ÁRPÁD KÁROLY LAJU</Nm></Dbtr><DbtrAcct><Id><Othr><Id>1177347051018335</Id></Othr></Id></DbtrAcct></RltdPties><RmtInf><Ustrd>TELEKOM.HU/UZLETI/UGYINTE2018.09.15 1503939086</Ustrd></RmtInf><AddtlTxInf>&lt;ujegy&gt;710566&lt;/ujegy&gt;&lt;konyves&gt;FT&lt;/konyves&gt;&lt;trnk&gt;764&lt;/trnk&gt;&lt;narr&gt;VÁSÁRLÁS KÁRTYÁVAL&lt;/narr&gt;</AddtlTxInf></TxDtls></NtryDtls></Ntry><Ntry id="29"><NtryRef>29</NtryRef><Amt Ccy="HUF">2078</Amt><CdtDbtInd>DBIT</CdtDbtInd><Sts>BOOK</Sts><BookgDt><Dt>2018-09-17</Dt></BookgDt><ValDt><Dt>2018-09-17</Dt></ValDt><BkTxCd/><NtryDtls><TxDtls><Refs><EndToEndId/><Prtry><Tp>POSTNO</Tp><Ref>3833</Ref></Prtry></Refs><RltdPties><Dbtr><Nm>ASBÓTH ÁRPÁD KÁROLY LAJU</Nm></Dbtr><DbtrAcct><Id><Othr><Id>1177347051018335</Id></Othr></Id></DbtrAcct></RltdPties><RmtInf><Ustrd>AUCHAN ALBERTFALVA         PPASS2018.09.14 1503939086</Ustrd></RmtInf><AddtlTxInf>&lt;ujegy&gt;708488&lt;/ujegy&gt;&lt;konyves&gt;FT&lt;/konyves&gt;&lt;trnk&gt;764&lt;/trnk&gt;&lt;narr&gt;VÁSÁRLÁS KÁRTYÁVAL&lt;/narr&gt;</AddtlTxInf></TxDtls></NtryDtls></Ntry><Ntry id="30"><NtryRef>30</NtryRef><Amt Ccy="HUF">1703</Amt><CdtDbtInd>DBIT</CdtDbtInd><Sts>BOOK</Sts><BookgDt><Dt>2018-09-17</Dt></BookgDt><ValDt><Dt>2018-09-17</Dt></ValDt><BkTxCd/><NtryDtls><TxDtls><Refs><EndToEndId/><Prtry><Tp>POSTNO</Tp><Ref>3834</Ref></Prtry></Refs><RltdPties><Dbtr><Nm>ASBÓTH ÁRPÁD KÁROLY LAJU</Nm></Dbtr><DbtrAcct><Id><Othr><Id>1177347051018335</Id></Othr></Id></DbtrAcct></RltdPties><RmtInf><Ustrd>PAYPAL *SPOTIFY5,250EUR    0,2018.09.14 1503939086</Ustrd></RmtInf><AddtlTxInf>&lt;ujegy&gt;706785&lt;/ujegy&gt;&lt;konyves&gt;FT&lt;/konyves&gt;&lt;trnk&gt;764&lt;/trnk&gt;&lt;narr&gt;VÁSÁRLÁS KÁRTYÁVAL&lt;/narr&gt;</AddtlTxInf></TxDtls></NtryDtls></Ntry><Ntry id="31"><NtryRef>31</NtryRef><Amt Ccy="HUF">15900</Amt><CdtDbtInd>DBIT</CdtDbtInd><Sts>BOOK</Sts><BookgDt><Dt>2018-09-17</Dt></BookgDt><ValDt><Dt>2018-09-17</Dt></ValDt><BkTxCd/><NtryDtls><TxDtls><Refs><EndToEndId/><Prtry><Tp>POSTNO</Tp><Ref>3835</Ref></Prtry></Refs><RltdPties><Dbtr><Nm>ASBÓTH ÁRPÁD KÁROLY LAJU</Nm></Dbtr><DbtrAcct><Id><Othr><Id>1177347051018335</Id></Othr></Id></DbtrAcct></RltdPties><RmtInf><Ustrd>Hardverker Online          PPASS2018.09.15 1503939086</Ustrd></RmtInf><AddtlTxInf>&lt;ujegy&gt;690885&lt;/ujegy&gt;&lt;konyves&gt;FT&lt;/konyves&gt;&lt;trnk&gt;764&lt;/trnk&gt;&lt;narr&gt;VÁSÁRLÁS KÁRTYÁVAL&lt;/narr&gt;</AddtlTxInf></TxDtls></NtryDtls></Ntry><Ntry id="32"><NtryRef>32</NtryRef><Amt Ccy="HUF">1800</Amt><CdtDbtInd>DBIT</CdtDbtInd><Sts>BOOK</Sts><BookgDt><Dt>2018-09-17</Dt></BookgDt><ValDt><Dt>2018-09-17</Dt></ValDt><BkTxCd/><NtryDtls><TxDtls><Refs><EndToEndId/><Prtry><Tp>POSTNO</Tp><Ref>3836</Ref></Prtry></Refs><RltdPties><Dbtr><Nm>ASBÓTH ÁRPÁD KÁROLY LAJU</Nm></Dbtr><DbtrAcct><Id><Othr><Id>1177347051018335</Id></Othr></Id></DbtrAcct></RltdPties><RmtInf><Ustrd>MIR Etterem2018.09.16 1503939086</Ustrd></RmtInf><AddtlTxInf>&lt;ujegy&gt;689085&lt;/ujegy&gt;&lt;konyves&gt;FT&lt;/konyves&gt;&lt;trnk&gt;764&lt;/trnk&gt;&lt;narr&gt;VÁSÁRLÁS KÁRTYÁVAL&lt;/narr&gt;</AddtlTxInf></TxDtls></NtryDtls></Ntry><Ntry id="33"><NtryRef>33</NtryRef><Amt Ccy="HUF">2100</Amt><CdtDbtInd>DBIT</CdtDbtInd><Sts>BOOK</Sts><BookgDt><Dt>2018-09-17</Dt></BookgDt><ValDt><Dt>2018-09-17</Dt></ValDt><BkTxCd/><NtryDtls><TxDtls><Refs><EndToEndId/><Prtry><Tp>POSTNO</Tp><Ref>3837</Ref></Prtry></Refs><RltdPties><Dbtr><Nm>ASBÓTH ÁRPÁD KÁROLY LAJU</Nm></Dbtr><DbtrAcct><Id><Othr><Id>1177347051018335</Id></Othr></Id></DbtrAcct></RltdPties><RmtInf><Ustrd>MAGYAR MEZŐG.MÚZEUM ÉS KT  PPASS2018.09.16 1503939086</Ustrd></RmtInf><AddtlTxInf>&lt;ujegy&gt;686985&lt;/ujegy&gt;&lt;konyves&gt;FT&lt;/konyves&gt;&lt;trnk&gt;764&lt;/trnk&gt;&lt;narr&gt;VÁSÁRLÁS KÁRTYÁVAL&lt;/narr&gt;</AddtlTxInf></TxDtls></NtryDtls></Ntry><Ntry id="34"><NtryRef>34</NtryRef><Amt Ccy="HUF">6419</Amt><CdtDbtInd>DBIT</CdtDbtInd><Sts>BOOK</Sts><BookgDt><Dt>2018-09-18</Dt></BookgDt><ValDt><Dt>2018-09-18</Dt></ValDt><BkTxCd/><NtryDtls><TxDtls><Refs><EndToEndId/><Prtry><Tp>POSTNO</Tp><Ref>3838</Ref></Prtry></Refs><RltdPties><Dbtr><Nm>ASBÓTH ÁRPÁD KÁROLY LAJU</Nm></Dbtr><DbtrAcct><Id><Othr><Id>1177347051018335</Id></Othr></Id></DbtrAcct></RltdPties><RmtInf><Ustrd>AUCHAN ALBERTFALVA2018.09.17 1503939086</Ustrd></RmtInf><AddtlTxInf>&lt;ujegy&gt;680566&lt;/ujegy&gt;&lt;konyves&gt;FT&lt;/konyves&gt;&lt;trnk&gt;764&lt;/trnk&gt;&lt;narr&gt;VÁSÁRLÁS KÁRTYÁVAL&lt;/narr&gt;</AddtlTxInf></TxDtls></NtryDtls></Ntry></Rpt></BkToCstmrAcctRpt>